%YAML 1.1
%TAG !u! tag:unity3d.com,2011:
--- !u!29 &1
SceneSettings:
  m_ObjectHideFlags: 0
  m_PVSData: 
  m_PVSObjectsArray: []
  m_PVSPortalsArray: []
  m_OcclusionBakeSettings:
    smallestOccluder: 5
    smallestHole: 0.25
    backfaceThreshold: 100
--- !u!104 &2
RenderSettings:
  m_ObjectHideFlags: 0
  serializedVersion: 6
  m_Fog: 0
  m_FogColor: {r: 0.5, g: 0.5, b: 0.5, a: 1}
  m_FogMode: 3
  m_FogDensity: 0.01
  m_LinearFogStart: 0
  m_LinearFogEnd: 300
  m_AmbientSkyColor: {r: 0.6103448, g: 0.058823526, b: 0.5147059, a: 0}
  m_AmbientEquatorColor: {r: 0.114, g: 0.125, b: 0.133, a: 1}
  m_AmbientGroundColor: {r: 0.047, g: 0.043, b: 0.035, a: 1}
  m_AmbientIntensity: 1
  m_AmbientMode: 0
  m_SkyboxMaterial: {fileID: 0}
  m_HaloStrength: 0.5
  m_FlareStrength: 1
  m_FlareFadeSpeed: 3
  m_HaloTexture: {fileID: 0}
  m_SpotCookie: {fileID: 10001, guid: 0000000000000000e000000000000000, type: 0}
  m_DefaultReflectionMode: 0
  m_DefaultReflectionResolution: 128
  m_ReflectionBounces: 1
  m_ReflectionIntensity: 1
  m_CustomReflection: {fileID: 0}
  m_Sun: {fileID: 0}
--- !u!157 &3
LightmapSettings:
  m_ObjectHideFlags: 0
  serializedVersion: 6
  m_GIWorkflowMode: 0
  m_LightmapsMode: 1
  m_GISettings:
    serializedVersion: 2
    m_BounceScale: 1
    m_IndirectOutputScale: 1
    m_AlbedoBoost: 1
    m_TemporalCoherenceThreshold: 1
    m_EnvironmentLightingMode: 0
    m_EnableBakedLightmaps: 1
    m_EnableRealtimeLightmaps: 1
  m_LightmapEditorSettings:
    serializedVersion: 3
    m_Resolution: 2
    m_BakeResolution: 40
    m_TextureWidth: 1024
    m_TextureHeight: 1024
    m_AOMaxDistance: 1
    m_Padding: 2
    m_CompAOExponent: 0
    m_LightmapParameters: {fileID: 0}
    m_TextureCompression: 1
    m_FinalGather: 0
    m_FinalGatherRayCount: 1024
    m_ReflectionCompression: 2
  m_LightingDataAsset: {fileID: 0}
  m_RuntimeCPUUsage: 25
--- !u!196 &4
NavMeshSettings:
  serializedVersion: 2
  m_ObjectHideFlags: 0
  m_BuildSettings:
    serializedVersion: 2
    agentRadius: 0.5
    agentHeight: 2
    agentSlope: 45
    agentClimb: 0.4
    ledgeDropHeight: 0
    maxJumpAcrossDistance: 0
    accuratePlacement: 0
    minRegionArea: 2
    cellSize: 0.16666667
    manualCellSize: 0
  m_NavMeshData: {fileID: 0}
--- !u!1 &147630961
GameObject:
  m_ObjectHideFlags: 0
  m_PrefabParentObject: {fileID: 0}
  m_PrefabInternal: {fileID: 0}
  serializedVersion: 4
  m_Component:
  - 4: {fileID: 147630963}
  - 108: {fileID: 147630962}
  m_Layer: 0
  m_Name: Directional Light
  m_TagString: Untagged
  m_Icon: {fileID: 0}
  m_NavMeshLayer: 0
  m_StaticEditorFlags: 0
  m_IsActive: 1
--- !u!108 &147630962
Light:
  m_ObjectHideFlags: 0
  m_PrefabParentObject: {fileID: 0}
  m_PrefabInternal: {fileID: 0}
  m_GameObject: {fileID: 147630961}
  m_Enabled: 1
  serializedVersion: 6
  m_Type: 1
  m_Color: {r: 1, g: 0.95686275, b: 0.8392157, a: 1}
  m_Intensity: 1
  m_Range: 10
  m_SpotAngle: 30
  m_CookieSize: 10
  m_Shadows:
    m_Type: 2
    m_Resolution: -1
    m_Strength: 1
    m_Bias: 0.05
    m_NormalBias: 0.4
    m_NearPlane: 0.2
  m_Cookie: {fileID: 0}
  m_DrawHalo: 0
  m_Flare: {fileID: 0}
  m_RenderMode: 0
  m_CullingMask:
    serializedVersion: 2
    m_Bits: 4294967295
  m_Lightmapping: 4
  m_BounceIntensity: 1
  m_ShadowRadius: 0
  m_ShadowAngle: 0
  m_AreaSize: {x: 1, y: 1}
--- !u!4 &147630963
Transform:
  m_ObjectHideFlags: 0
  m_PrefabParentObject: {fileID: 0}
  m_PrefabInternal: {fileID: 0}
  m_GameObject: {fileID: 147630961}
  m_LocalRotation: {x: 0.40821794, y: -0.23456973, z: 0.109381676, w: 0.87542605}
  m_LocalPosition: {x: 0, y: 3, z: 0}
  m_LocalScale: {x: 1, y: 1, z: 1}
  m_LocalEulerAnglesHint: {x: 50, y: -30, z: 0}
  m_Children: []
  m_Father: {fileID: 0}
  m_RootOrder: 0
--- !u!1001 &214315796
Prefab:
  m_ObjectHideFlags: 0
  serializedVersion: 2
  m_Modification:
    m_TransformParent: {fileID: 622902235}
    m_Modifications:
    - target: {fileID: 416522, guid: bee8d047e16101c438fb33382ab66935, type: 2}
      propertyPath: m_LocalPosition.x
      value: -0.91
      objectReference: {fileID: 0}
    - target: {fileID: 416522, guid: bee8d047e16101c438fb33382ab66935, type: 2}
      propertyPath: m_LocalPosition.y
      value: 7.56
      objectReference: {fileID: 0}
    - target: {fileID: 416522, guid: bee8d047e16101c438fb33382ab66935, type: 2}
      propertyPath: m_LocalPosition.z
      value: 16.63
      objectReference: {fileID: 0}
    - target: {fileID: 416522, guid: bee8d047e16101c438fb33382ab66935, type: 2}
      propertyPath: m_LocalRotation.x
      value: 0
      objectReference: {fileID: 0}
    - target: {fileID: 416522, guid: bee8d047e16101c438fb33382ab66935, type: 2}
      propertyPath: m_LocalRotation.y
      value: 0
      objectReference: {fileID: 0}
    - target: {fileID: 416522, guid: bee8d047e16101c438fb33382ab66935, type: 2}
      propertyPath: m_LocalRotation.z
      value: 1
      objectReference: {fileID: 0}
    - target: {fileID: 416522, guid: bee8d047e16101c438fb33382ab66935, type: 2}
      propertyPath: m_LocalRotation.w
      value: -0.00000016292068
      objectReference: {fileID: 0}
    - target: {fileID: 416522, guid: bee8d047e16101c438fb33382ab66935, type: 2}
      propertyPath: m_RootOrder
      value: 11
      objectReference: {fileID: 0}
    - target: {fileID: 179510, guid: bee8d047e16101c438fb33382ab66935, type: 2}
      propertyPath: m_Name
      value: rock_e (3)
      objectReference: {fileID: 0}
    - target: {fileID: 416522, guid: bee8d047e16101c438fb33382ab66935, type: 2}
      propertyPath: m_LocalEulerAnglesHint.z
      value: 180
      objectReference: {fileID: 0}
    - target: {fileID: 2322844, guid: bee8d047e16101c438fb33382ab66935, type: 2}
      propertyPath: m_Materials.Array.data[0]
      value: 
      objectReference: {fileID: 10302, guid: 0000000000000000f000000000000000, type: 0}
    - target: {fileID: 2322844, guid: bee8d047e16101c438fb33382ab66935, type: 2}
      propertyPath: m_ReflectionProbeUsage
      value: 0
      objectReference: {fileID: 0}
    m_RemovedComponents: []
  m_ParentPrefab: {fileID: 100100000, guid: bee8d047e16101c438fb33382ab66935, type: 2}
  m_IsPrefabParent: 0
--- !u!4 &214315797 stripped
Transform:
  m_PrefabParentObject: {fileID: 416522, guid: bee8d047e16101c438fb33382ab66935, type: 2}
  m_PrefabInternal: {fileID: 214315796}
--- !u!1001 &271831839
Prefab:
  m_ObjectHideFlags: 0
  serializedVersion: 2
  m_Modification:
    m_TransformParent: {fileID: 622902235}
    m_Modifications:
    - target: {fileID: 422286, guid: 1643ab6b0160ab240a595db4bfb21c56, type: 2}
      propertyPath: m_LocalPosition.x
      value: 1.5400002
      objectReference: {fileID: 0}
    - target: {fileID: 422286, guid: 1643ab6b0160ab240a595db4bfb21c56, type: 2}
      propertyPath: m_LocalPosition.y
      value: 4.7
      objectReference: {fileID: 0}
    - target: {fileID: 422286, guid: 1643ab6b0160ab240a595db4bfb21c56, type: 2}
      propertyPath: m_LocalPosition.z
      value: 32.541046
      objectReference: {fileID: 0}
    - target: {fileID: 422286, guid: 1643ab6b0160ab240a595db4bfb21c56, type: 2}
      propertyPath: m_LocalRotation.x
      value: 0
      objectReference: {fileID: 0}
    - target: {fileID: 422286, guid: 1643ab6b0160ab240a595db4bfb21c56, type: 2}
      propertyPath: m_LocalRotation.y
      value: 0
      objectReference: {fileID: 0}
    - target: {fileID: 422286, guid: 1643ab6b0160ab240a595db4bfb21c56, type: 2}
      propertyPath: m_LocalRotation.z
      value: 0.7071068
      objectReference: {fileID: 0}
    - target: {fileID: 422286, guid: 1643ab6b0160ab240a595db4bfb21c56, type: 2}
      propertyPath: m_LocalRotation.w
      value: 0.7071067
      objectReference: {fileID: 0}
    - target: {fileID: 422286, guid: 1643ab6b0160ab240a595db4bfb21c56, type: 2}
      propertyPath: m_RootOrder
      value: 16
      objectReference: {fileID: 0}
    - target: {fileID: 422286, guid: 1643ab6b0160ab240a595db4bfb21c56, type: 2}
      propertyPath: m_LocalEulerAnglesHint.z
      value: 90
      objectReference: {fileID: 0}
    - target: {fileID: 422286, guid: 1643ab6b0160ab240a595db4bfb21c56, type: 2}
      propertyPath: m_LocalScale.x
      value: 2
      objectReference: {fileID: 0}
    - target: {fileID: 422286, guid: 1643ab6b0160ab240a595db4bfb21c56, type: 2}
      propertyPath: m_LocalScale.y
      value: 2
      objectReference: {fileID: 0}
    - target: {fileID: 422286, guid: 1643ab6b0160ab240a595db4bfb21c56, type: 2}
      propertyPath: m_LocalScale.z
      value: 2
      objectReference: {fileID: 0}
    - target: {fileID: 2349128, guid: 1643ab6b0160ab240a595db4bfb21c56, type: 2}
      propertyPath: m_Materials.Array.data[0]
      value: 
      objectReference: {fileID: 10302, guid: 0000000000000000f000000000000000, type: 0}
    - target: {fileID: 2349128, guid: 1643ab6b0160ab240a595db4bfb21c56, type: 2}
      propertyPath: m_ReflectionProbeUsage
      value: 0
      objectReference: {fileID: 0}
    m_RemovedComponents: []
  m_ParentPrefab: {fileID: 100100000, guid: 1643ab6b0160ab240a595db4bfb21c56, type: 2}
  m_IsPrefabParent: 0
--- !u!4 &271831840 stripped
Transform:
  m_PrefabParentObject: {fileID: 422286, guid: 1643ab6b0160ab240a595db4bfb21c56, type: 2}
  m_PrefabInternal: {fileID: 271831839}
--- !u!1001 &464623376
Prefab:
  m_ObjectHideFlags: 0
  serializedVersion: 2
  m_Modification:
    m_TransformParent: {fileID: 622902235}
    m_Modifications:
    - target: {fileID: 416522, guid: bee8d047e16101c438fb33382ab66935, type: 2}
      propertyPath: m_LocalPosition.x
      value: -1.1058658
      objectReference: {fileID: 0}
    - target: {fileID: 416522, guid: bee8d047e16101c438fb33382ab66935, type: 2}
      propertyPath: m_LocalPosition.y
      value: -0.099999994
      objectReference: {fileID: 0}
    - target: {fileID: 416522, guid: bee8d047e16101c438fb33382ab66935, type: 2}
      propertyPath: m_LocalPosition.z
      value: 6.910208
      objectReference: {fileID: 0}
    - target: {fileID: 416522, guid: bee8d047e16101c438fb33382ab66935, type: 2}
      propertyPath: m_LocalRotation.x
      value: 0
      objectReference: {fileID: 0}
    - target: {fileID: 416522, guid: bee8d047e16101c438fb33382ab66935, type: 2}
      propertyPath: m_LocalRotation.y
      value: 0
      objectReference: {fileID: 0}
    - target: {fileID: 416522, guid: bee8d047e16101c438fb33382ab66935, type: 2}
      propertyPath: m_LocalRotation.z
      value: 0
      objectReference: {fileID: 0}
    - target: {fileID: 416522, guid: bee8d047e16101c438fb33382ab66935, type: 2}
      propertyPath: m_LocalRotation.w
      value: 1
      objectReference: {fileID: 0}
    - target: {fileID: 416522, guid: bee8d047e16101c438fb33382ab66935, type: 2}
      propertyPath: m_RootOrder
      value: 2
      objectReference: {fileID: 0}
    - target: {fileID: 2322844, guid: bee8d047e16101c438fb33382ab66935, type: 2}
      propertyPath: m_Materials.Array.data[0]
      value: 
      objectReference: {fileID: 10302, guid: 0000000000000000f000000000000000, type: 0}
    - target: {fileID: 2322844, guid: bee8d047e16101c438fb33382ab66935, type: 2}
      propertyPath: m_ReflectionProbeUsage
      value: 0
      objectReference: {fileID: 0}
    m_RemovedComponents: []
  m_ParentPrefab: {fileID: 100100000, guid: bee8d047e16101c438fb33382ab66935, type: 2}
  m_IsPrefabParent: 0
--- !u!4 &464623377 stripped
Transform:
  m_PrefabParentObject: {fileID: 416522, guid: bee8d047e16101c438fb33382ab66935, type: 2}
  m_PrefabInternal: {fileID: 464623376}
--- !u!1001 &513731599
Prefab:
  m_ObjectHideFlags: 0
  serializedVersion: 2
  m_Modification:
    m_TransformParent: {fileID: 622902235}
    m_Modifications:
    - target: {fileID: 434652, guid: d18bc5c5a34308844a5c5684e48318db, type: 2}
      propertyPath: m_LocalPosition.x
      value: -6.19
      objectReference: {fileID: 0}
    - target: {fileID: 434652, guid: d18bc5c5a34308844a5c5684e48318db, type: 2}
      propertyPath: m_LocalPosition.y
      value: 2.3600001
      objectReference: {fileID: 0}
    - target: {fileID: 434652, guid: d18bc5c5a34308844a5c5684e48318db, type: 2}
      propertyPath: m_LocalPosition.z
      value: 1.81
      objectReference: {fileID: 0}
    - target: {fileID: 434652, guid: d18bc5c5a34308844a5c5684e48318db, type: 2}
      propertyPath: m_LocalRotation.x
      value: 0
      objectReference: {fileID: 0}
    - target: {fileID: 434652, guid: d18bc5c5a34308844a5c5684e48318db, type: 2}
      propertyPath: m_LocalRotation.y
      value: 0
      objectReference: {fileID: 0}
    - target: {fileID: 434652, guid: d18bc5c5a34308844a5c5684e48318db, type: 2}
      propertyPath: m_LocalRotation.z
      value: 0.7071066
      objectReference: {fileID: 0}
    - target: {fileID: 434652, guid: d18bc5c5a34308844a5c5684e48318db, type: 2}
      propertyPath: m_LocalRotation.w
      value: -0.70710695
      objectReference: {fileID: 0}
    - target: {fileID: 434652, guid: d18bc5c5a34308844a5c5684e48318db, type: 2}
      propertyPath: m_RootOrder
      value: 7
      objectReference: {fileID: 0}
    - target: {fileID: 434652, guid: d18bc5c5a34308844a5c5684e48318db, type: 2}
      propertyPath: m_LocalEulerAnglesHint.z
      value: 270
      objectReference: {fileID: 0}
    - target: {fileID: 434652, guid: d18bc5c5a34308844a5c5684e48318db, type: 2}
      propertyPath: m_LocalScale.x
      value: 2
      objectReference: {fileID: 0}
    - target: {fileID: 434652, guid: d18bc5c5a34308844a5c5684e48318db, type: 2}
      propertyPath: m_LocalScale.y
      value: 2
      objectReference: {fileID: 0}
    - target: {fileID: 2364162, guid: d18bc5c5a34308844a5c5684e48318db, type: 2}
      propertyPath: m_Materials.Array.data[0]
      value: 
      objectReference: {fileID: 10302, guid: 0000000000000000f000000000000000, type: 0}
    - target: {fileID: 2364162, guid: d18bc5c5a34308844a5c5684e48318db, type: 2}
      propertyPath: m_ReflectionProbeUsage
      value: 0
      objectReference: {fileID: 0}
    m_RemovedComponents: []
  m_ParentPrefab: {fileID: 100100000, guid: d18bc5c5a34308844a5c5684e48318db, type: 2}
  m_IsPrefabParent: 0
--- !u!4 &513731600 stripped
Transform:
  m_PrefabParentObject: {fileID: 434652, guid: d18bc5c5a34308844a5c5684e48318db, type: 2}
  m_PrefabInternal: {fileID: 513731599}
--- !u!1001 &519817393
Prefab:
  m_ObjectHideFlags: 0
  serializedVersion: 2
  m_Modification:
    m_TransformParent: {fileID: 622902235}
    m_Modifications:
    - target: {fileID: 481922, guid: d93ec03b51f37fd4d905a60a08a4fbbc, type: 2}
      propertyPath: m_LocalPosition.x
      value: -0.42079997
      objectReference: {fileID: 0}
    - target: {fileID: 481922, guid: d93ec03b51f37fd4d905a60a08a4fbbc, type: 2}
      propertyPath: m_LocalPosition.y
      value: -0.02000001
      objectReference: {fileID: 0}
    - target: {fileID: 481922, guid: d93ec03b51f37fd4d905a60a08a4fbbc, type: 2}
      propertyPath: m_LocalPosition.z
      value: -2.4618
      objectReference: {fileID: 0}
    - target: {fileID: 481922, guid: d93ec03b51f37fd4d905a60a08a4fbbc, type: 2}
      propertyPath: m_LocalRotation.x
      value: 0
      objectReference: {fileID: 0}
    - target: {fileID: 481922, guid: d93ec03b51f37fd4d905a60a08a4fbbc, type: 2}
      propertyPath: m_LocalRotation.y
      value: 0
      objectReference: {fileID: 0}
    - target: {fileID: 481922, guid: d93ec03b51f37fd4d905a60a08a4fbbc, type: 2}
      propertyPath: m_LocalRotation.z
      value: 0
      objectReference: {fileID: 0}
    - target: {fileID: 481922, guid: d93ec03b51f37fd4d905a60a08a4fbbc, type: 2}
      propertyPath: m_LocalRotation.w
      value: 1
      objectReference: {fileID: 0}
    - target: {fileID: 481922, guid: d93ec03b51f37fd4d905a60a08a4fbbc, type: 2}
      propertyPath: m_RootOrder
      value: 8
      objectReference: {fileID: 0}
    - target: {fileID: 481922, guid: d93ec03b51f37fd4d905a60a08a4fbbc, type: 2}
      propertyPath: m_LocalScale.x
      value: 2
      objectReference: {fileID: 0}
    - target: {fileID: 481922, guid: d93ec03b51f37fd4d905a60a08a4fbbc, type: 2}
      propertyPath: m_LocalScale.y
      value: 2
      objectReference: {fileID: 0}
    - target: {fileID: 481922, guid: d93ec03b51f37fd4d905a60a08a4fbbc, type: 2}
      propertyPath: m_LocalScale.z
      value: 2
      objectReference: {fileID: 0}
    - target: {fileID: 2329910, guid: d93ec03b51f37fd4d905a60a08a4fbbc, type: 2}
      propertyPath: m_Materials.Array.data[0]
      value: 
      objectReference: {fileID: 10302, guid: 0000000000000000f000000000000000, type: 0}
    - target: {fileID: 2329910, guid: d93ec03b51f37fd4d905a60a08a4fbbc, type: 2}
      propertyPath: m_ReflectionProbeUsage
      value: 0
      objectReference: {fileID: 0}
    m_RemovedComponents: []
  m_ParentPrefab: {fileID: 100100000, guid: d93ec03b51f37fd4d905a60a08a4fbbc, type: 2}
  m_IsPrefabParent: 0
--- !u!4 &519817394 stripped
Transform:
  m_PrefabParentObject: {fileID: 481922, guid: d93ec03b51f37fd4d905a60a08a4fbbc, type: 2}
  m_PrefabInternal: {fileID: 519817393}
--- !u!1001 &556396564
Prefab:
  m_ObjectHideFlags: 0
  serializedVersion: 2
  m_Modification:
    m_TransformParent: {fileID: 622902235}
    m_Modifications:
    - target: {fileID: 499504, guid: 5c5d6555d9ad54d49a4654c80774e668, type: 2}
      propertyPath: m_LocalPosition.x
      value: -0.6700001
      objectReference: {fileID: 0}
    - target: {fileID: 499504, guid: 5c5d6555d9ad54d49a4654c80774e668, type: 2}
      propertyPath: m_LocalPosition.y
      value: -0.100000024
      objectReference: {fileID: 0}
    - target: {fileID: 499504, guid: 5c5d6555d9ad54d49a4654c80774e668, type: 2}
      propertyPath: m_LocalPosition.z
      value: 8.886433
      objectReference: {fileID: 0}
    - target: {fileID: 499504, guid: 5c5d6555d9ad54d49a4654c80774e668, type: 2}
      propertyPath: m_LocalRotation.x
      value: 0
      objectReference: {fileID: 0}
    - target: {fileID: 499504, guid: 5c5d6555d9ad54d49a4654c80774e668, type: 2}
      propertyPath: m_LocalRotation.y
      value: 0
      objectReference: {fileID: 0}
    - target: {fileID: 499504, guid: 5c5d6555d9ad54d49a4654c80774e668, type: 2}
      propertyPath: m_LocalRotation.z
      value: 0
      objectReference: {fileID: 0}
    - target: {fileID: 499504, guid: 5c5d6555d9ad54d49a4654c80774e668, type: 2}
      propertyPath: m_LocalRotation.w
      value: 1
      objectReference: {fileID: 0}
    - target: {fileID: 499504, guid: 5c5d6555d9ad54d49a4654c80774e668, type: 2}
      propertyPath: m_RootOrder
      value: 4
      objectReference: {fileID: 0}
    - target: {fileID: 499504, guid: 5c5d6555d9ad54d49a4654c80774e668, type: 2}
      propertyPath: m_LocalScale.x
      value: 2
      objectReference: {fileID: 0}
    - target: {fileID: 499504, guid: 5c5d6555d9ad54d49a4654c80774e668, type: 2}
      propertyPath: m_LocalScale.y
      value: 2
      objectReference: {fileID: 0}
    - target: {fileID: 2364640, guid: 5c5d6555d9ad54d49a4654c80774e668, type: 2}
      propertyPath: m_Materials.Array.data[0]
      value: 
      objectReference: {fileID: 10302, guid: 0000000000000000f000000000000000, type: 0}
    - target: {fileID: 2364640, guid: 5c5d6555d9ad54d49a4654c80774e668, type: 2}
      propertyPath: m_ReflectionProbeUsage
      value: 0
      objectReference: {fileID: 0}
    m_RemovedComponents: []
  m_ParentPrefab: {fileID: 100100000, guid: 5c5d6555d9ad54d49a4654c80774e668, type: 2}
  m_IsPrefabParent: 0
--- !u!4 &556396565 stripped
Transform:
  m_PrefabParentObject: {fileID: 499504, guid: 5c5d6555d9ad54d49a4654c80774e668, type: 2}
  m_PrefabInternal: {fileID: 556396564}
--- !u!1001 &561849250
Prefab:
  m_ObjectHideFlags: 0
  serializedVersion: 2
  m_Modification:
    m_TransformParent: {fileID: 622902235}
    m_Modifications:
    - target: {fileID: 481922, guid: d93ec03b51f37fd4d905a60a08a4fbbc, type: 2}
      propertyPath: m_LocalPosition.x
      value: -4.42
      objectReference: {fileID: 0}
    - target: {fileID: 481922, guid: d93ec03b51f37fd4d905a60a08a4fbbc, type: 2}
      propertyPath: m_LocalPosition.y
      value: -0.02000001
      objectReference: {fileID: 0}
    - target: {fileID: 481922, guid: d93ec03b51f37fd4d905a60a08a4fbbc, type: 2}
      propertyPath: m_LocalPosition.z
      value: -2.962
      objectReference: {fileID: 0}
    - target: {fileID: 481922, guid: d93ec03b51f37fd4d905a60a08a4fbbc, type: 2}
      propertyPath: m_LocalRotation.x
      value: 0
      objectReference: {fileID: 0}
    - target: {fileID: 481922, guid: d93ec03b51f37fd4d905a60a08a4fbbc, type: 2}
      propertyPath: m_LocalRotation.y
      value: 0
      objectReference: {fileID: 0}
    - target: {fileID: 481922, guid: d93ec03b51f37fd4d905a60a08a4fbbc, type: 2}
      propertyPath: m_LocalRotation.z
      value: 0
      objectReference: {fileID: 0}
    - target: {fileID: 481922, guid: d93ec03b51f37fd4d905a60a08a4fbbc, type: 2}
      propertyPath: m_LocalRotation.w
      value: 1
      objectReference: {fileID: 0}
    - target: {fileID: 481922, guid: d93ec03b51f37fd4d905a60a08a4fbbc, type: 2}
      propertyPath: m_RootOrder
      value: 9
      objectReference: {fileID: 0}
    - target: {fileID: 481922, guid: d93ec03b51f37fd4d905a60a08a4fbbc, type: 2}
      propertyPath: m_LocalScale.x
      value: 2
      objectReference: {fileID: 0}
    - target: {fileID: 481922, guid: d93ec03b51f37fd4d905a60a08a4fbbc, type: 2}
      propertyPath: m_LocalScale.y
      value: 2
      objectReference: {fileID: 0}
    - target: {fileID: 481922, guid: d93ec03b51f37fd4d905a60a08a4fbbc, type: 2}
      propertyPath: m_LocalScale.z
      value: 2
      objectReference: {fileID: 0}
    - target: {fileID: 157690, guid: d93ec03b51f37fd4d905a60a08a4fbbc, type: 2}
      propertyPath: m_Name
      value: rock_a (1)
      objectReference: {fileID: 0}
    - target: {fileID: 2329910, guid: d93ec03b51f37fd4d905a60a08a4fbbc, type: 2}
      propertyPath: m_Materials.Array.data[0]
      value: 
      objectReference: {fileID: 10302, guid: 0000000000000000f000000000000000, type: 0}
    - target: {fileID: 2329910, guid: d93ec03b51f37fd4d905a60a08a4fbbc, type: 2}
      propertyPath: m_ReflectionProbeUsage
      value: 0
      objectReference: {fileID: 0}
    m_RemovedComponents: []
  m_ParentPrefab: {fileID: 100100000, guid: d93ec03b51f37fd4d905a60a08a4fbbc, type: 2}
  m_IsPrefabParent: 0
--- !u!4 &561849251 stripped
Transform:
  m_PrefabParentObject: {fileID: 481922, guid: d93ec03b51f37fd4d905a60a08a4fbbc, type: 2}
  m_PrefabInternal: {fileID: 561849250}
--- !u!1 &622902234
GameObject:
  m_ObjectHideFlags: 0
  m_PrefabParentObject: {fileID: 0}
  m_PrefabInternal: {fileID: 0}
  serializedVersion: 4
  m_Component:
  - 4: {fileID: 622902235}
  m_Layer: 0
  m_Name: Obstacles
  m_TagString: Untagged
  m_Icon: {fileID: 0}
  m_NavMeshLayer: 0
  m_StaticEditorFlags: 0
  m_IsActive: 1
--- !u!4 &622902235
Transform:
  m_ObjectHideFlags: 0
  m_PrefabParentObject: {fileID: 0}
  m_PrefabInternal: {fileID: 0}
  m_GameObject: {fileID: 622902234}
  m_LocalRotation: {x: 0, y: 0, z: 0, w: 1}
  m_LocalPosition: {x: 2.74, y: 0.3, z: -1.06}
  m_LocalScale: {x: 1, y: 1, z: 1}
  m_LocalEulerAnglesHint: {x: 0, y: 0, z: 0}
  m_Children:
  - {fileID: 745426643}
  - {fileID: 1110028244}
  - {fileID: 464623377}
  - {fileID: 1220447915}
  - {fileID: 556396565}
  - {fileID: 1633092304}
  - {fileID: 696210546}
  - {fileID: 513731600}
  - {fileID: 519817394}
  - {fileID: 561849251}
  - {fileID: 1945594317}
  - {fileID: 214315797}
  - {fileID: 748688786}
  - {fileID: 1620096214}
  - {fileID: 886355228}
  - {fileID: 1157348915}
  - {fileID: 271831840}
  - {fileID: 1007895954}
  m_Father: {fileID: 0}
  m_RootOrder: 1
--- !u!1001 &657127573
Prefab:
  m_ObjectHideFlags: 0
  serializedVersion: 2
  m_Modification:
    m_TransformParent: {fileID: 0}
    m_Modifications:
    - target: {fileID: 417914, guid: 0e6d09c4ce3eb29428e4f101f1ed345e, type: 2}
      propertyPath: m_LocalPosition.x
      value: 9.5
      objectReference: {fileID: 0}
    - target: {fileID: 417914, guid: 0e6d09c4ce3eb29428e4f101f1ed345e, type: 2}
      propertyPath: m_LocalPosition.y
      value: 0
      objectReference: {fileID: 0}
    - target: {fileID: 417914, guid: 0e6d09c4ce3eb29428e4f101f1ed345e, type: 2}
      propertyPath: m_LocalPosition.z
      value: 30.5
      objectReference: {fileID: 0}
    - target: {fileID: 417914, guid: 0e6d09c4ce3eb29428e4f101f1ed345e, type: 2}
      propertyPath: m_LocalRotation.x
      value: 0
      objectReference: {fileID: 0}
    - target: {fileID: 417914, guid: 0e6d09c4ce3eb29428e4f101f1ed345e, type: 2}
      propertyPath: m_LocalRotation.y
      value: 0
      objectReference: {fileID: 0}
    - target: {fileID: 417914, guid: 0e6d09c4ce3eb29428e4f101f1ed345e, type: 2}
      propertyPath: m_LocalRotation.z
      value: 0
      objectReference: {fileID: 0}
    - target: {fileID: 417914, guid: 0e6d09c4ce3eb29428e4f101f1ed345e, type: 2}
      propertyPath: m_LocalRotation.w
      value: 1
      objectReference: {fileID: 0}
    - target: {fileID: 417914, guid: 0e6d09c4ce3eb29428e4f101f1ed345e, type: 2}
      propertyPath: m_RootOrder
      value: 4
      objectReference: {fileID: 0}
    m_RemovedComponents: []
  m_ParentPrefab: {fileID: 100100000, guid: 0e6d09c4ce3eb29428e4f101f1ed345e, type: 2}
  m_IsPrefabParent: 0
--- !u!1001 &696210545
Prefab:
  m_ObjectHideFlags: 0
  serializedVersion: 2
  m_Modification:
    m_TransformParent: {fileID: 622902235}
    m_Modifications:
    - target: {fileID: 448766, guid: 1bbb9f65959851443977b14c98740663, type: 2}
      propertyPath: m_LocalPosition.x
      value: -5.98
      objectReference: {fileID: 0}
    - target: {fileID: 448766, guid: 1bbb9f65959851443977b14c98740663, type: 2}
      propertyPath: m_LocalPosition.y
      value: 3.4
      objectReference: {fileID: 0}
    - target: {fileID: 448766, guid: 1bbb9f65959851443977b14c98740663, type: 2}
      propertyPath: m_LocalPosition.z
      value: 0.45999992
      objectReference: {fileID: 0}
    - target: {fileID: 448766, guid: 1bbb9f65959851443977b14c98740663, type: 2}
      propertyPath: m_LocalRotation.x
      value: 0
      objectReference: {fileID: 0}
    - target: {fileID: 448766, guid: 1bbb9f65959851443977b14c98740663, type: 2}
      propertyPath: m_LocalRotation.y
      value: 0
      objectReference: {fileID: 0}
    - target: {fileID: 448766, guid: 1bbb9f65959851443977b14c98740663, type: 2}
      propertyPath: m_LocalRotation.z
      value: 0.7071066
      objectReference: {fileID: 0}
    - target: {fileID: 448766, guid: 1bbb9f65959851443977b14c98740663, type: 2}
      propertyPath: m_LocalRotation.w
      value: -0.70710695
      objectReference: {fileID: 0}
    - target: {fileID: 448766, guid: 1bbb9f65959851443977b14c98740663, type: 2}
      propertyPath: m_RootOrder
      value: 6
      objectReference: {fileID: 0}
    - target: {fileID: 448766, guid: 1bbb9f65959851443977b14c98740663, type: 2}
      propertyPath: m_LocalEulerAnglesHint.z
      value: 270
      objectReference: {fileID: 0}
    - target: {fileID: 448766, guid: 1bbb9f65959851443977b14c98740663, type: 2}
      propertyPath: m_LocalScale.x
      value: 2
      objectReference: {fileID: 0}
    - target: {fileID: 448766, guid: 1bbb9f65959851443977b14c98740663, type: 2}
      propertyPath: m_LocalScale.y
      value: 2
      objectReference: {fileID: 0}
    - target: {fileID: 2324456, guid: 1bbb9f65959851443977b14c98740663, type: 2}
      propertyPath: m_Materials.Array.data[0]
      value: 
      objectReference: {fileID: 10302, guid: 0000000000000000f000000000000000, type: 0}
    - target: {fileID: 2324456, guid: 1bbb9f65959851443977b14c98740663, type: 2}
      propertyPath: m_ReflectionProbeUsage
      value: 0
      objectReference: {fileID: 0}
    m_RemovedComponents: []
  m_ParentPrefab: {fileID: 100100000, guid: 1bbb9f65959851443977b14c98740663, type: 2}
  m_IsPrefabParent: 0
--- !u!4 &696210546 stripped
Transform:
  m_PrefabParentObject: {fileID: 448766, guid: 1bbb9f65959851443977b14c98740663, type: 2}
  m_PrefabInternal: {fileID: 696210545}
--- !u!1001 &745426642
Prefab:
  m_ObjectHideFlags: 0
  serializedVersion: 2
  m_Modification:
    m_TransformParent: {fileID: 622902235}
    m_Modifications:
    - target: {fileID: 448766, guid: 1bbb9f65959851443977b14c98740663, type: 2}
      propertyPath: m_LocalPosition.x
      value: -2.35
      objectReference: {fileID: 0}
    - target: {fileID: 448766, guid: 1bbb9f65959851443977b14c98740663, type: 2}
      propertyPath: m_LocalPosition.y
      value: 6.8999996
      objectReference: {fileID: 0}
    - target: {fileID: 448766, guid: 1bbb9f65959851443977b14c98740663, type: 2}
      propertyPath: m_LocalPosition.z
      value: 19.074944
      objectReference: {fileID: 0}
    - target: {fileID: 448766, guid: 1bbb9f65959851443977b14c98740663, type: 2}
      propertyPath: m_LocalRotation.x
      value: 0
      objectReference: {fileID: 0}
    - target: {fileID: 448766, guid: 1bbb9f65959851443977b14c98740663, type: 2}
      propertyPath: m_LocalRotation.y
      value: 0
      objectReference: {fileID: 0}
    - target: {fileID: 448766, guid: 1bbb9f65959851443977b14c98740663, type: 2}
      propertyPath: m_LocalRotation.z
      value: 1
      objectReference: {fileID: 0}
    - target: {fileID: 448766, guid: 1bbb9f65959851443977b14c98740663, type: 2}
      propertyPath: m_LocalRotation.w
      value: -0.00000016292068
      objectReference: {fileID: 0}
    - target: {fileID: 448766, guid: 1bbb9f65959851443977b14c98740663, type: 2}
      propertyPath: m_RootOrder
      value: 0
      objectReference: {fileID: 0}
    - target: {fileID: 121022, guid: 1bbb9f65959851443977b14c98740663, type: 2}
      propertyPath: m_Name
      value: rock_d (1)
      objectReference: {fileID: 0}
    - target: {fileID: 448766, guid: 1bbb9f65959851443977b14c98740663, type: 2}
      propertyPath: m_LocalScale.x
      value: 4
      objectReference: {fileID: 0}
    - target: {fileID: 448766, guid: 1bbb9f65959851443977b14c98740663, type: 2}
      propertyPath: m_LocalScale.y
      value: 4
      objectReference: {fileID: 0}
    - target: {fileID: 448766, guid: 1bbb9f65959851443977b14c98740663, type: 2}
      propertyPath: m_LocalScale.z
      value: 2
      objectReference: {fileID: 0}
    - target: {fileID: 448766, guid: 1bbb9f65959851443977b14c98740663, type: 2}
      propertyPath: m_LocalEulerAnglesHint.z
      value: 180
      objectReference: {fileID: 0}
    - target: {fileID: 2324456, guid: 1bbb9f65959851443977b14c98740663, type: 2}
      propertyPath: m_Materials.Array.data[0]
      value: 
      objectReference: {fileID: 10302, guid: 0000000000000000f000000000000000, type: 0}
    - target: {fileID: 2324456, guid: 1bbb9f65959851443977b14c98740663, type: 2}
      propertyPath: m_ReflectionProbeUsage
      value: 0
      objectReference: {fileID: 0}
    m_RemovedComponents: []
  m_ParentPrefab: {fileID: 100100000, guid: 1bbb9f65959851443977b14c98740663, type: 2}
  m_IsPrefabParent: 0
--- !u!4 &745426643 stripped
Transform:
  m_PrefabParentObject: {fileID: 448766, guid: 1bbb9f65959851443977b14c98740663, type: 2}
  m_PrefabInternal: {fileID: 745426642}
--- !u!1001 &748688785
Prefab:
  m_ObjectHideFlags: 0
  serializedVersion: 2
  m_Modification:
    m_TransformParent: {fileID: 622902235}
    m_Modifications:
    - target: {fileID: 404742, guid: e13d89ce323009a4a8a53d439b0a74e4, type: 2}
      propertyPath: m_LocalPosition.x
      value: 0.94
      objectReference: {fileID: 0}
    - target: {fileID: 404742, guid: e13d89ce323009a4a8a53d439b0a74e4, type: 2}
      propertyPath: m_LocalPosition.y
      value: 7.56
      objectReference: {fileID: 0}
    - target: {fileID: 404742, guid: e13d89ce323009a4a8a53d439b0a74e4, type: 2}
      propertyPath: m_LocalPosition.z
      value: 17.08
      objectReference: {fileID: 0}
    - target: {fileID: 404742, guid: e13d89ce323009a4a8a53d439b0a74e4, type: 2}
      propertyPath: m_LocalRotation.x
      value: 0
      objectReference: {fileID: 0}
    - target: {fileID: 404742, guid: e13d89ce323009a4a8a53d439b0a74e4, type: 2}
      propertyPath: m_LocalRotation.y
      value: 0
      objectReference: {fileID: 0}
    - target: {fileID: 404742, guid: e13d89ce323009a4a8a53d439b0a74e4, type: 2}
      propertyPath: m_LocalRotation.z
      value: 1
      objectReference: {fileID: 0}
    - target: {fileID: 404742, guid: e13d89ce323009a4a8a53d439b0a74e4, type: 2}
      propertyPath: m_LocalRotation.w
      value: -0.00000016292068
      objectReference: {fileID: 0}
    - target: {fileID: 404742, guid: e13d89ce323009a4a8a53d439b0a74e4, type: 2}
      propertyPath: m_RootOrder
      value: 12
      objectReference: {fileID: 0}
    - target: {fileID: 101208, guid: e13d89ce323009a4a8a53d439b0a74e4, type: 2}
      propertyPath: m_Name
      value: rock_g (1)
      objectReference: {fileID: 0}
    - target: {fileID: 404742, guid: e13d89ce323009a4a8a53d439b0a74e4, type: 2}
      propertyPath: m_LocalEulerAnglesHint.z
      value: 180
      objectReference: {fileID: 0}
    - target: {fileID: 2378238, guid: e13d89ce323009a4a8a53d439b0a74e4, type: 2}
      propertyPath: m_Materials.Array.data[0]
      value: 
      objectReference: {fileID: 10302, guid: 0000000000000000f000000000000000, type: 0}
    - target: {fileID: 2378238, guid: e13d89ce323009a4a8a53d439b0a74e4, type: 2}
      propertyPath: m_ReflectionProbeUsage
      value: 0
      objectReference: {fileID: 0}
    m_RemovedComponents: []
  m_ParentPrefab: {fileID: 100100000, guid: e13d89ce323009a4a8a53d439b0a74e4, type: 2}
  m_IsPrefabParent: 0
--- !u!4 &748688786 stripped
Transform:
  m_PrefabParentObject: {fileID: 404742, guid: e13d89ce323009a4a8a53d439b0a74e4, type: 2}
  m_PrefabInternal: {fileID: 748688785}
--- !u!1001 &886355227
Prefab:
  m_ObjectHideFlags: 0
  serializedVersion: 2
  m_Modification:
    m_TransformParent: {fileID: 622902235}
    m_Modifications:
    - target: {fileID: 430148, guid: 7505f79cb619cfd4ebb6af0704ad4260, type: 2}
      propertyPath: m_LocalPosition.x
      value: 0.515116
      objectReference: {fileID: 0}
    - target: {fileID: 430148, guid: 7505f79cb619cfd4ebb6af0704ad4260, type: 2}
      propertyPath: m_LocalPosition.y
      value: -0.099999994
      objectReference: {fileID: 0}
    - target: {fileID: 430148, guid: 7505f79cb619cfd4ebb6af0704ad4260, type: 2}
      propertyPath: m_LocalPosition.z
      value: 52.49966
      objectReference: {fileID: 0}
    - target: {fileID: 430148, guid: 7505f79cb619cfd4ebb6af0704ad4260, type: 2}
      propertyPath: m_LocalRotation.x
      value: 0
      objectReference: {fileID: 0}
    - target: {fileID: 430148, guid: 7505f79cb619cfd4ebb6af0704ad4260, type: 2}
      propertyPath: m_LocalRotation.y
      value: 0
      objectReference: {fileID: 0}
    - target: {fileID: 430148, guid: 7505f79cb619cfd4ebb6af0704ad4260, type: 2}
      propertyPath: m_LocalRotation.z
      value: 0
      objectReference: {fileID: 0}
    - target: {fileID: 430148, guid: 7505f79cb619cfd4ebb6af0704ad4260, type: 2}
      propertyPath: m_LocalRotation.w
      value: 1
      objectReference: {fileID: 0}
    - target: {fileID: 430148, guid: 7505f79cb619cfd4ebb6af0704ad4260, type: 2}
      propertyPath: m_RootOrder
      value: 14
      objectReference: {fileID: 0}
    - target: {fileID: 2358500, guid: 7505f79cb619cfd4ebb6af0704ad4260, type: 2}
      propertyPath: m_Materials.Array.data[0]
      value: 
      objectReference: {fileID: 10302, guid: 0000000000000000f000000000000000, type: 0}
    - target: {fileID: 2358500, guid: 7505f79cb619cfd4ebb6af0704ad4260, type: 2}
      propertyPath: m_ReflectionProbeUsage
      value: 0
      objectReference: {fileID: 0}
    m_RemovedComponents: []
  m_ParentPrefab: {fileID: 100100000, guid: 7505f79cb619cfd4ebb6af0704ad4260, type: 2}
  m_IsPrefabParent: 0
--- !u!4 &886355228 stripped
Transform:
  m_PrefabParentObject: {fileID: 430148, guid: 7505f79cb619cfd4ebb6af0704ad4260, type: 2}
  m_PrefabInternal: {fileID: 886355227}
--- !u!1001 &899784652
Prefab:
  m_ObjectHideFlags: 0
  serializedVersion: 2
  m_Modification:
    m_TransformParent: {fileID: 0}
    m_Modifications:
    - target: {fileID: 405334, guid: 60804ac3ec45a354f832ca2675523f0a, type: 2}
      propertyPath: m_LocalPosition.x
      value: 0.32
      objectReference: {fileID: 0}
    - target: {fileID: 405334, guid: 60804ac3ec45a354f832ca2675523f0a, type: 2}
      propertyPath: m_LocalPosition.y
      value: 3
      objectReference: {fileID: 0}
    - target: {fileID: 405334, guid: 60804ac3ec45a354f832ca2675523f0a, type: 2}
      propertyPath: m_LocalPosition.z
      value: 66.027725
      objectReference: {fileID: 0}
    - target: {fileID: 405334, guid: 60804ac3ec45a354f832ca2675523f0a, type: 2}
      propertyPath: m_LocalRotation.x
      value: 0
      objectReference: {fileID: 0}
    - target: {fileID: 405334, guid: 60804ac3ec45a354f832ca2675523f0a, type: 2}
      propertyPath: m_LocalRotation.y
      value: 0
      objectReference: {fileID: 0}
    - target: {fileID: 405334, guid: 60804ac3ec45a354f832ca2675523f0a, type: 2}
      propertyPath: m_LocalRotation.z
      value: 0
      objectReference: {fileID: 0}
    - target: {fileID: 405334, guid: 60804ac3ec45a354f832ca2675523f0a, type: 2}
      propertyPath: m_LocalRotation.w
      value: 1
      objectReference: {fileID: 0}
    - target: {fileID: 405334, guid: 60804ac3ec45a354f832ca2675523f0a, type: 2}
      propertyPath: m_RootOrder
      value: 6
      objectReference: {fileID: 0}
    - target: {fileID: 13542522, guid: 60804ac3ec45a354f832ca2675523f0a, type: 2}
      propertyPath: m_Radius
      value: 1
      objectReference: {fileID: 0}
    m_RemovedComponents:
    - {fileID: 3320280, guid: 60804ac3ec45a354f832ca2675523f0a, type: 2}
  m_ParentPrefab: {fileID: 100100000, guid: 60804ac3ec45a354f832ca2675523f0a, type: 2}
  m_IsPrefabParent: 0
--- !u!1001 &1007895953
Prefab:
  m_ObjectHideFlags: 0
  serializedVersion: 2
  m_Modification:
    m_TransformParent: {fileID: 622902235}
    m_Modifications:
    - target: {fileID: 499504, guid: 5c5d6555d9ad54d49a4654c80774e668, type: 2}
      propertyPath: m_LocalPosition.x
      value: -4.19
      objectReference: {fileID: 0}
    - target: {fileID: 499504, guid: 5c5d6555d9ad54d49a4654c80774e668, type: 2}
      propertyPath: m_LocalPosition.y
      value: -0.100000024
      objectReference: {fileID: 0}
    - target: {fileID: 499504, guid: 5c5d6555d9ad54d49a4654c80774e668, type: 2}
      propertyPath: m_LocalPosition.z
      value: 29.675196
      objectReference: {fileID: 0}
    - target: {fileID: 499504, guid: 5c5d6555d9ad54d49a4654c80774e668, type: 2}
      propertyPath: m_LocalRotation.x
      value: 0
      objectReference: {fileID: 0}
    - target: {fileID: 499504, guid: 5c5d6555d9ad54d49a4654c80774e668, type: 2}
      propertyPath: m_LocalRotation.y
      value: 0
      objectReference: {fileID: 0}
    - target: {fileID: 499504, guid: 5c5d6555d9ad54d49a4654c80774e668, type: 2}
      propertyPath: m_LocalRotation.z
      value: 0
      objectReference: {fileID: 0}
    - target: {fileID: 499504, guid: 5c5d6555d9ad54d49a4654c80774e668, type: 2}
      propertyPath: m_LocalRotation.w
      value: 1
      objectReference: {fileID: 0}
    - target: {fileID: 499504, guid: 5c5d6555d9ad54d49a4654c80774e668, type: 2}
      propertyPath: m_RootOrder
      value: 17
      objectReference: {fileID: 0}
    - target: {fileID: 499504, guid: 5c5d6555d9ad54d49a4654c80774e668, type: 2}
      propertyPath: m_LocalScale.x
      value: 2
      objectReference: {fileID: 0}
    - target: {fileID: 499504, guid: 5c5d6555d9ad54d49a4654c80774e668, type: 2}
      propertyPath: m_LocalScale.y
      value: 2
      objectReference: {fileID: 0}
    - target: {fileID: 499504, guid: 5c5d6555d9ad54d49a4654c80774e668, type: 2}
      propertyPath: m_LocalScale.z
      value: 2
      objectReference: {fileID: 0}
    - target: {fileID: 2364640, guid: 5c5d6555d9ad54d49a4654c80774e668, type: 2}
      propertyPath: m_Materials.Array.data[0]
      value: 
      objectReference: {fileID: 10302, guid: 0000000000000000f000000000000000, type: 0}
    - target: {fileID: 2364640, guid: 5c5d6555d9ad54d49a4654c80774e668, type: 2}
      propertyPath: m_ReflectionProbeUsage
      value: 0
      objectReference: {fileID: 0}
    m_RemovedComponents: []
  m_ParentPrefab: {fileID: 100100000, guid: 5c5d6555d9ad54d49a4654c80774e668, type: 2}
  m_IsPrefabParent: 0
--- !u!4 &1007895954 stripped
Transform:
  m_PrefabParentObject: {fileID: 499504, guid: 5c5d6555d9ad54d49a4654c80774e668, type: 2}
  m_PrefabInternal: {fileID: 1007895953}
--- !u!1001 &1110028243
Prefab:
  m_ObjectHideFlags: 0
  serializedVersion: 2
  m_Modification:
    m_TransformParent: {fileID: 622902235}
    m_Modifications:
    - target: {fileID: 416522, guid: bee8d047e16101c438fb33382ab66935, type: 2}
      propertyPath: m_LocalPosition.x
      value: -5.2821293
      objectReference: {fileID: 0}
    - target: {fileID: 416522, guid: bee8d047e16101c438fb33382ab66935, type: 2}
      propertyPath: m_LocalPosition.y
      value: -0.099999994
      objectReference: {fileID: 0}
    - target: {fileID: 416522, guid: bee8d047e16101c438fb33382ab66935, type: 2}
      propertyPath: m_LocalPosition.z
      value: 14.8203945
      objectReference: {fileID: 0}
    - target: {fileID: 416522, guid: bee8d047e16101c438fb33382ab66935, type: 2}
      propertyPath: m_LocalRotation.x
      value: 0
      objectReference: {fileID: 0}
    - target: {fileID: 416522, guid: bee8d047e16101c438fb33382ab66935, type: 2}
      propertyPath: m_LocalRotation.y
      value: 0
      objectReference: {fileID: 0}
    - target: {fileID: 416522, guid: bee8d047e16101c438fb33382ab66935, type: 2}
      propertyPath: m_LocalRotation.z
      value: 0
      objectReference: {fileID: 0}
    - target: {fileID: 416522, guid: bee8d047e16101c438fb33382ab66935, type: 2}
      propertyPath: m_LocalRotation.w
      value: 1
      objectReference: {fileID: 0}
    - target: {fileID: 416522, guid: bee8d047e16101c438fb33382ab66935, type: 2}
      propertyPath: m_RootOrder
      value: 1
      objectReference: {fileID: 0}
    - target: {fileID: 179510, guid: bee8d047e16101c438fb33382ab66935, type: 2}
      propertyPath: m_Name
      value: rock_e (1)
      objectReference: {fileID: 0}
    - target: {fileID: 2322844, guid: bee8d047e16101c438fb33382ab66935, type: 2}
      propertyPath: m_Materials.Array.data[0]
      value: 
      objectReference: {fileID: 10302, guid: 0000000000000000f000000000000000, type: 0}
    - target: {fileID: 2322844, guid: bee8d047e16101c438fb33382ab66935, type: 2}
      propertyPath: m_ReflectionProbeUsage
      value: 0
      objectReference: {fileID: 0}
    m_RemovedComponents: []
  m_ParentPrefab: {fileID: 100100000, guid: bee8d047e16101c438fb33382ab66935, type: 2}
  m_IsPrefabParent: 0
--- !u!4 &1110028244 stripped
Transform:
  m_PrefabParentObject: {fileID: 416522, guid: bee8d047e16101c438fb33382ab66935, type: 2}
  m_PrefabInternal: {fileID: 1110028243}
--- !u!1001 &1123496832
Prefab:
  m_ObjectHideFlags: 0
  serializedVersion: 2
  m_Modification:
    m_TransformParent: {fileID: 0}
    m_Modifications:
    - target: {fileID: 419654, guid: 407905cbd85b4254f9bbe77af3275a5a, type: 2}
      propertyPath: m_LocalPosition.x
      value: 0
      objectReference: {fileID: 0}
    - target: {fileID: 419654, guid: 407905cbd85b4254f9bbe77af3275a5a, type: 2}
      propertyPath: m_LocalPosition.y
      value: 3
      objectReference: {fileID: 0}
    - target: {fileID: 419654, guid: 407905cbd85b4254f9bbe77af3275a5a, type: 2}
      propertyPath: m_LocalPosition.z
      value: -7
      objectReference: {fileID: 0}
    - target: {fileID: 419654, guid: 407905cbd85b4254f9bbe77af3275a5a, type: 2}
      propertyPath: m_LocalRotation.x
      value: 0
      objectReference: {fileID: 0}
    - target: {fileID: 419654, guid: 407905cbd85b4254f9bbe77af3275a5a, type: 2}
      propertyPath: m_LocalRotation.y
      value: 0
      objectReference: {fileID: 0}
    - target: {fileID: 419654, guid: 407905cbd85b4254f9bbe77af3275a5a, type: 2}
      propertyPath: m_LocalRotation.z
      value: 0
      objectReference: {fileID: 0}
    - target: {fileID: 419654, guid: 407905cbd85b4254f9bbe77af3275a5a, type: 2}
      propertyPath: m_LocalRotation.w
      value: 1
      objectReference: {fileID: 0}
    - target: {fileID: 419654, guid: 407905cbd85b4254f9bbe77af3275a5a, type: 2}
      propertyPath: m_RootOrder
      value: 7
      objectReference: {fileID: 0}
    - target: {fileID: 13570362, guid: 407905cbd85b4254f9bbe77af3275a5a, type: 2}
      propertyPath: m_Center.z
      value: 1.3
      objectReference: {fileID: 0}
    - target: {fileID: 13570362, guid: 407905cbd85b4254f9bbe77af3275a5a, type: 2}
      propertyPath: m_Radius
      value: 0.4
      objectReference: {fileID: 0}
    - target: {fileID: 11427948, guid: 407905cbd85b4254f9bbe77af3275a5a, type: 2}
      propertyPath: movementSpeed
      value: 10
      objectReference: {fileID: 0}
    m_RemovedComponents: []
  m_ParentPrefab: {fileID: 100100000, guid: 407905cbd85b4254f9bbe77af3275a5a, type: 2}
  m_IsPrefabParent: 0
--- !u!1001 &1157348914
Prefab:
  m_ObjectHideFlags: 0
  serializedVersion: 2
  m_Modification:
    m_TransformParent: {fileID: 622902235}
    m_Modifications:
    - target: {fileID: 404742, guid: e13d89ce323009a4a8a53d439b0a74e4, type: 2}
      propertyPath: m_LocalPosition.x
      value: -4.4498672
      objectReference: {fileID: 0}
    - target: {fileID: 404742, guid: e13d89ce323009a4a8a53d439b0a74e4, type: 2}
      propertyPath: m_LocalPosition.y
      value: -0.099999994
      objectReference: {fileID: 0}
    - target: {fileID: 404742, guid: e13d89ce323009a4a8a53d439b0a74e4, type: 2}
      propertyPath: m_LocalPosition.z
      value: 49.865524
      objectReference: {fileID: 0}
    - target: {fileID: 404742, guid: e13d89ce323009a4a8a53d439b0a74e4, type: 2}
      propertyPath: m_LocalRotation.x
      value: 0
      objectReference: {fileID: 0}
    - target: {fileID: 404742, guid: e13d89ce323009a4a8a53d439b0a74e4, type: 2}
      propertyPath: m_LocalRotation.y
      value: 0
      objectReference: {fileID: 0}
    - target: {fileID: 404742, guid: e13d89ce323009a4a8a53d439b0a74e4, type: 2}
      propertyPath: m_LocalRotation.z
      value: 0
      objectReference: {fileID: 0}
    - target: {fileID: 404742, guid: e13d89ce323009a4a8a53d439b0a74e4, type: 2}
      propertyPath: m_LocalRotation.w
      value: 1
      objectReference: {fileID: 0}
    - target: {fileID: 404742, guid: e13d89ce323009a4a8a53d439b0a74e4, type: 2}
      propertyPath: m_RootOrder
      value: 15
      objectReference: {fileID: 0}
    - target: {fileID: 2378238, guid: e13d89ce323009a4a8a53d439b0a74e4, type: 2}
      propertyPath: m_Materials.Array.data[0]
      value: 
      objectReference: {fileID: 10302, guid: 0000000000000000f000000000000000, type: 0}
    - target: {fileID: 2378238, guid: e13d89ce323009a4a8a53d439b0a74e4, type: 2}
      propertyPath: m_ReflectionProbeUsage
      value: 0
      objectReference: {fileID: 0}
    m_RemovedComponents: []
  m_ParentPrefab: {fileID: 100100000, guid: e13d89ce323009a4a8a53d439b0a74e4, type: 2}
  m_IsPrefabParent: 0
--- !u!4 &1157348915 stripped
Transform:
  m_PrefabParentObject: {fileID: 404742, guid: e13d89ce323009a4a8a53d439b0a74e4, type: 2}
  m_PrefabInternal: {fileID: 1157348914}
--- !u!1001 &1220447914
Prefab:
  m_ObjectHideFlags: 0
  serializedVersion: 2
  m_Modification:
    m_TransformParent: {fileID: 622902235}
    m_Modifications:
    - target: {fileID: 404742, guid: e13d89ce323009a4a8a53d439b0a74e4, type: 2}
      propertyPath: m_LocalPosition.x
      value: 0.7397394
      objectReference: {fileID: 0}
    - target: {fileID: 404742, guid: e13d89ce323009a4a8a53d439b0a74e4, type: 2}
      propertyPath: m_LocalPosition.y
      value: -0.099999994
      objectReference: {fileID: 0}
    - target: {fileID: 404742, guid: e13d89ce323009a4a8a53d439b0a74e4, type: 2}
      propertyPath: m_LocalPosition.z
      value: 7.363787
      objectReference: {fileID: 0}
    - target: {fileID: 404742, guid: e13d89ce323009a4a8a53d439b0a74e4, type: 2}
      propertyPath: m_LocalRotation.x
      value: 0
      objectReference: {fileID: 0}
    - target: {fileID: 404742, guid: e13d89ce323009a4a8a53d439b0a74e4, type: 2}
      propertyPath: m_LocalRotation.y
      value: 0
      objectReference: {fileID: 0}
    - target: {fileID: 404742, guid: e13d89ce323009a4a8a53d439b0a74e4, type: 2}
      propertyPath: m_LocalRotation.z
      value: 0
      objectReference: {fileID: 0}
    - target: {fileID: 404742, guid: e13d89ce323009a4a8a53d439b0a74e4, type: 2}
      propertyPath: m_LocalRotation.w
      value: 1
      objectReference: {fileID: 0}
    - target: {fileID: 404742, guid: e13d89ce323009a4a8a53d439b0a74e4, type: 2}
      propertyPath: m_RootOrder
      value: 3
      objectReference: {fileID: 0}
    - target: {fileID: 2378238, guid: e13d89ce323009a4a8a53d439b0a74e4, type: 2}
      propertyPath: m_Materials.Array.data[0]
      value: 
      objectReference: {fileID: 10302, guid: 0000000000000000f000000000000000, type: 0}
    - target: {fileID: 2378238, guid: e13d89ce323009a4a8a53d439b0a74e4, type: 2}
      propertyPath: m_ReflectionProbeUsage
      value: 0
      objectReference: {fileID: 0}
    m_RemovedComponents: []
  m_ParentPrefab: {fileID: 100100000, guid: e13d89ce323009a4a8a53d439b0a74e4, type: 2}
  m_IsPrefabParent: 0
--- !u!4 &1220447915 stripped
Transform:
  m_PrefabParentObject: {fileID: 404742, guid: e13d89ce323009a4a8a53d439b0a74e4, type: 2}
  m_PrefabInternal: {fileID: 1220447914}
--- !u!1 &1476437417 stripped
GameObject:
  m_PrefabParentObject: {fileID: 184092, guid: 60804ac3ec45a354f832ca2675523f0a, type: 2}
  m_PrefabInternal: {fileID: 899784652}
--- !u!114 &1476437418
MonoBehaviour:
  m_ObjectHideFlags: 0
  m_PrefabParentObject: {fileID: 0}
  m_PrefabInternal: {fileID: 0}
  m_GameObject: {fileID: 1476437417}
  m_Enabled: 1
  m_EditorHideFlags: 0
  m_Script: {fileID: 11500000, guid: 2c58ae274e05bc74e9746594ac75a893, type: 3}
  m_Name: 
  m_EditorClassIdentifier: 
  startHeight: 3
  hoverSpeed: 6
--- !u!4 &1476437421 stripped
Transform:
  m_PrefabParentObject: {fileID: 405334, guid: 60804ac3ec45a354f832ca2675523f0a, type: 2}
  m_PrefabInternal: {fileID: 899784652}
--- !u!1001 &1536265762
Prefab:
  m_ObjectHideFlags: 0
  serializedVersion: 2
  m_Modification:
    m_TransformParent: {fileID: 1476437421}
    m_Modifications:
    - target: {fileID: 400012, guid: ffa49092f4947734cb0aa6de6bf82004, type: 3}
      propertyPath: m_LocalPosition.x
      value: 0
      objectReference: {fileID: 0}
    - target: {fileID: 400012, guid: ffa49092f4947734cb0aa6de6bf82004, type: 3}
      propertyPath: m_LocalPosition.y
      value: 0
      objectReference: {fileID: 0}
    - target: {fileID: 400012, guid: ffa49092f4947734cb0aa6de6bf82004, type: 3}
      propertyPath: m_LocalPosition.z
      value: 0
      objectReference: {fileID: 0}
    - target: {fileID: 400012, guid: ffa49092f4947734cb0aa6de6bf82004, type: 3}
      propertyPath: m_LocalRotation.x
      value: 0
      objectReference: {fileID: 0}
    - target: {fileID: 400012, guid: ffa49092f4947734cb0aa6de6bf82004, type: 3}
      propertyPath: m_LocalRotation.y
      value: 0
      objectReference: {fileID: 0}
    - target: {fileID: 400012, guid: ffa49092f4947734cb0aa6de6bf82004, type: 3}
      propertyPath: m_LocalRotation.z
      value: 0
      objectReference: {fileID: 0}
    - target: {fileID: 400012, guid: ffa49092f4947734cb0aa6de6bf82004, type: 3}
      propertyPath: m_LocalRotation.w
      value: 1
      objectReference: {fileID: 0}
    - target: {fileID: 400012, guid: ffa49092f4947734cb0aa6de6bf82004, type: 3}
      propertyPath: m_RootOrder
      value: 0
      objectReference: {fileID: 0}
    - target: {fileID: 400012, guid: ffa49092f4947734cb0aa6de6bf82004, type: 3}
      propertyPath: m_LocalScale.x
      value: 0.08
      objectReference: {fileID: 0}
    - target: {fileID: 400012, guid: ffa49092f4947734cb0aa6de6bf82004, type: 3}
      propertyPath: m_LocalScale.y
      value: 0.08
      objectReference: {fileID: 0}
    - target: {fileID: 400012, guid: ffa49092f4947734cb0aa6de6bf82004, type: 3}
      propertyPath: m_LocalScale.z
      value: 0.08
      objectReference: {fileID: 0}
    - target: {fileID: 2300000, guid: ffa49092f4947734cb0aa6de6bf82004, type: 3}
      propertyPath: m_Materials.Array.data[0]
      value: 
      objectReference: {fileID: 2100000, guid: c6052a800d6b1e64ea7b3a4b1967592e, type: 2}
    m_RemovedComponents: []
  m_ParentPrefab: {fileID: 100100000, guid: ffa49092f4947734cb0aa6de6bf82004, type: 3}
  m_IsPrefabParent: 0
--- !u!1001 &1620096213
Prefab:
  m_ObjectHideFlags: 0
  serializedVersion: 2
  m_Modification:
    m_TransformParent: {fileID: 622902235}
    m_Modifications:
    - target: {fileID: 493472, guid: ca5c291357dc8c54bbb0f485cdccdf17, type: 2}
      propertyPath: m_LocalPosition.x
      value: -2.2115521
      objectReference: {fileID: 0}
    - target: {fileID: 493472, guid: ca5c291357dc8c54bbb0f485cdccdf17, type: 2}
      propertyPath: m_LocalPosition.y
      value: -0.099999994
      objectReference: {fileID: 0}
    - target: {fileID: 493472, guid: ca5c291357dc8c54bbb0f485cdccdf17, type: 2}
      propertyPath: m_LocalPosition.z
      value: 48.347347
      objectReference: {fileID: 0}
    - target: {fileID: 493472, guid: ca5c291357dc8c54bbb0f485cdccdf17, type: 2}
      propertyPath: m_LocalRotation.x
      value: 0
      objectReference: {fileID: 0}
    - target: {fileID: 493472, guid: ca5c291357dc8c54bbb0f485cdccdf17, type: 2}
      propertyPath: m_LocalRotation.y
      value: 0
      objectReference: {fileID: 0}
    - target: {fileID: 493472, guid: ca5c291357dc8c54bbb0f485cdccdf17, type: 2}
      propertyPath: m_LocalRotation.z
      value: 0
      objectReference: {fileID: 0}
    - target: {fileID: 493472, guid: ca5c291357dc8c54bbb0f485cdccdf17, type: 2}
      propertyPath: m_LocalRotation.w
      value: 1
      objectReference: {fileID: 0}
    - target: {fileID: 493472, guid: ca5c291357dc8c54bbb0f485cdccdf17, type: 2}
      propertyPath: m_RootOrder
      value: 13
      objectReference: {fileID: 0}
    - target: {fileID: 2358730, guid: ca5c291357dc8c54bbb0f485cdccdf17, type: 2}
      propertyPath: m_Materials.Array.data[0]
      value: 
      objectReference: {fileID: 10302, guid: 0000000000000000f000000000000000, type: 0}
    - target: {fileID: 2358730, guid: ca5c291357dc8c54bbb0f485cdccdf17, type: 2}
      propertyPath: m_ReflectionProbeUsage
      value: 0
      objectReference: {fileID: 0}
    m_RemovedComponents: []
  m_ParentPrefab: {fileID: 100100000, guid: ca5c291357dc8c54bbb0f485cdccdf17, type: 2}
  m_IsPrefabParent: 0
--- !u!4 &1620096214 stripped
Transform:
  m_PrefabParentObject: {fileID: 493472, guid: ca5c291357dc8c54bbb0f485cdccdf17, type: 2}
  m_PrefabInternal: {fileID: 1620096213}
--- !u!1001 &1633092303
Prefab:
  m_ObjectHideFlags: 0
  serializedVersion: 2
  m_Modification:
    m_TransformParent: {fileID: 622902235}
    m_Modifications:
    - target: {fileID: 430148, guid: 7505f79cb619cfd4ebb6af0704ad4260, type: 2}
      propertyPath: m_LocalPosition.x
      value: -6.29
      objectReference: {fileID: 0}
    - target: {fileID: 430148, guid: 7505f79cb619cfd4ebb6af0704ad4260, type: 2}
      propertyPath: m_LocalPosition.y
      value: 6.6699996
      objectReference: {fileID: 0}
    - target: {fileID: 430148, guid: 7505f79cb619cfd4ebb6af0704ad4260, type: 2}
      propertyPath: m_LocalPosition.z
      value: 2.1831498
      objectReference: {fileID: 0}
    - target: {fileID: 430148, guid: 7505f79cb619cfd4ebb6af0704ad4260, type: 2}
      propertyPath: m_LocalRotation.x
      value: 0
      objectReference: {fileID: 0}
    - target: {fileID: 430148, guid: 7505f79cb619cfd4ebb6af0704ad4260, type: 2}
      propertyPath: m_LocalRotation.y
      value: 0
      objectReference: {fileID: 0}
    - target: {fileID: 430148, guid: 7505f79cb619cfd4ebb6af0704ad4260, type: 2}
      propertyPath: m_LocalRotation.z
      value: 0.7071066
      objectReference: {fileID: 0}
    - target: {fileID: 430148, guid: 7505f79cb619cfd4ebb6af0704ad4260, type: 2}
      propertyPath: m_LocalRotation.w
      value: -0.70710695
      objectReference: {fileID: 0}
    - target: {fileID: 430148, guid: 7505f79cb619cfd4ebb6af0704ad4260, type: 2}
      propertyPath: m_RootOrder
      value: 5
      objectReference: {fileID: 0}
    - target: {fileID: 430148, guid: 7505f79cb619cfd4ebb6af0704ad4260, type: 2}
      propertyPath: m_LocalEulerAnglesHint.z
      value: 270
      objectReference: {fileID: 0}
    - target: {fileID: 430148, guid: 7505f79cb619cfd4ebb6af0704ad4260, type: 2}
      propertyPath: m_LocalScale.x
      value: 1
      objectReference: {fileID: 0}
    - target: {fileID: 430148, guid: 7505f79cb619cfd4ebb6af0704ad4260, type: 2}
      propertyPath: m_LocalScale.y
      value: 2
      objectReference: {fileID: 0}
    - target: {fileID: 430148, guid: 7505f79cb619cfd4ebb6af0704ad4260, type: 2}
      propertyPath: m_LocalScale.z
      value: 1
      objectReference: {fileID: 0}
    - target: {fileID: 2358500, guid: 7505f79cb619cfd4ebb6af0704ad4260, type: 2}
      propertyPath: m_Materials.Array.data[0]
      value: 
      objectReference: {fileID: 10302, guid: 0000000000000000f000000000000000, type: 0}
    - target: {fileID: 2358500, guid: 7505f79cb619cfd4ebb6af0704ad4260, type: 2}
      propertyPath: m_ReflectionProbeUsage
      value: 0
      objectReference: {fileID: 0}
    m_RemovedComponents: []
  m_ParentPrefab: {fileID: 100100000, guid: 7505f79cb619cfd4ebb6af0704ad4260, type: 2}
  m_IsPrefabParent: 0
--- !u!4 &1633092304 stripped
Transform:
  m_PrefabParentObject: {fileID: 430148, guid: 7505f79cb619cfd4ebb6af0704ad4260, type: 2}
  m_PrefabInternal: {fileID: 1633092303}
--- !u!1001 &1945594316
Prefab:
  m_ObjectHideFlags: 0
  serializedVersion: 2
  m_Modification:
    m_TransformParent: {fileID: 622902235}
    m_Modifications:
    - target: {fileID: 416522, guid: bee8d047e16101c438fb33382ab66935, type: 2}
      propertyPath: m_LocalPosition.x
      value: -5.08
      objectReference: {fileID: 0}
    - target: {fileID: 416522, guid: bee8d047e16101c438fb33382ab66935, type: 2}
      propertyPath: m_LocalPosition.y
      value: 7.56
      objectReference: {fileID: 0}
    - target: {fileID: 416522, guid: bee8d047e16101c438fb33382ab66935, type: 2}
      propertyPath: m_LocalPosition.z
      value: 24.54
      objectReference: {fileID: 0}
    - target: {fileID: 416522, guid: bee8d047e16101c438fb33382ab66935, type: 2}
      propertyPath: m_LocalRotation.x
      value: 0
      objectReference: {fileID: 0}
    - target: {fileID: 416522, guid: bee8d047e16101c438fb33382ab66935, type: 2}
      propertyPath: m_LocalRotation.y
      value: 0
      objectReference: {fileID: 0}
    - target: {fileID: 416522, guid: bee8d047e16101c438fb33382ab66935, type: 2}
      propertyPath: m_LocalRotation.z
      value: 1
      objectReference: {fileID: 0}
    - target: {fileID: 416522, guid: bee8d047e16101c438fb33382ab66935, type: 2}
      propertyPath: m_LocalRotation.w
      value: -0.00000016292068
      objectReference: {fileID: 0}
    - target: {fileID: 416522, guid: bee8d047e16101c438fb33382ab66935, type: 2}
      propertyPath: m_RootOrder
      value: 10
      objectReference: {fileID: 0}
    - target: {fileID: 179510, guid: bee8d047e16101c438fb33382ab66935, type: 2}
      propertyPath: m_Name
      value: rock_e (2)
      objectReference: {fileID: 0}
    - target: {fileID: 416522, guid: bee8d047e16101c438fb33382ab66935, type: 2}
      propertyPath: m_LocalEulerAnglesHint.z
      value: 180
      objectReference: {fileID: 0}
    - target: {fileID: 2322844, guid: bee8d047e16101c438fb33382ab66935, type: 2}
      propertyPath: m_Materials.Array.data[0]
      value: 
      objectReference: {fileID: 10302, guid: 0000000000000000f000000000000000, type: 0}
    - target: {fileID: 2322844, guid: bee8d047e16101c438fb33382ab66935, type: 2}
      propertyPath: m_ReflectionProbeUsage
      value: 0
      objectReference: {fileID: 0}
    m_RemovedComponents: []
  m_ParentPrefab: {fileID: 100100000, guid: bee8d047e16101c438fb33382ab66935, type: 2}
  m_IsPrefabParent: 0
--- !u!4 &1945594317 stripped
Transform:
  m_PrefabParentObject: {fileID: 416522, guid: bee8d047e16101c438fb33382ab66935, type: 2}
  m_PrefabInternal: {fileID: 1945594316}
--- !u!1001 &2036361740
Prefab:
  m_ObjectHideFlags: 0
  serializedVersion: 2
  m_Modification:
    m_TransformParent: {fileID: 0}
    m_Modifications:
    - target: {fileID: 404918, guid: a98333b805d106d4db8b0a49705e58c5, type: 2}
      propertyPath: m_LocalPosition.x
      value: 3.342144
      objectReference: {fileID: 0}
    - target: {fileID: 404918, guid: a98333b805d106d4db8b0a49705e58c5, type: 2}
      propertyPath: m_LocalPosition.y
      value: -5.4792233
      objectReference: {fileID: 0}
    - target: {fileID: 404918, guid: a98333b805d106d4db8b0a49705e58c5, type: 2}
      propertyPath: m_LocalPosition.z
      value: 40.39359
      objectReference: {fileID: 0}
    - target: {fileID: 404918, guid: a98333b805d106d4db8b0a49705e58c5, type: 2}
      propertyPath: m_LocalRotation.x
      value: 0
      objectReference: {fileID: 0}
    - target: {fileID: 404918, guid: a98333b805d106d4db8b0a49705e58c5, type: 2}
      propertyPath: m_LocalRotation.y
      value: 0
      objectReference: {fileID: 0}
    - target: {fileID: 404918, guid: a98333b805d106d4db8b0a49705e58c5, type: 2}
      propertyPath: m_LocalRotation.z
      value: 0
      objectReference: {fileID: 0}
    - target: {fileID: 404918, guid: a98333b805d106d4db8b0a49705e58c5, type: 2}
      propertyPath: m_LocalRotation.w
      value: 1
      objectReference: {fileID: 0}
    - target: {fileID: 404918, guid: a98333b805d106d4db8b0a49705e58c5, type: 2}
      propertyPath: m_RootOrder
      value: 5
      objectReference: {fileID: 0}
    - target: {fileID: 11469650, guid: a98333b805d106d4db8b0a49705e58c5, type: 2}
      propertyPath: color.g
      value: 0.058823526
      objectReference: {fileID: 0}
    - target: {fileID: 11469650, guid: a98333b805d106d4db8b0a49705e58c5, type: 2}
      propertyPath: color.b
      value: 0.5147059
      objectReference: {fileID: 0}
    - target: {fileID: 11469650, guid: a98333b805d106d4db8b0a49705e58c5, type: 2}
      propertyPath: color.r
      value: 0.6103448
      objectReference: {fileID: 0}
    m_RemovedComponents: []
  m_ParentPrefab: {fileID: 100100000, guid: a98333b805d106d4db8b0a49705e58c5, type: 2}
  m_IsPrefabParent: 0
